@book{bourbaki_algebre_2006,
  location  = {Berlin, Heidelberg},
  title     = {Algèbre commutative},
  publisher = {Springer Berlin Heidelberg},
  author    = {Bourbaki, Nicolas},
  year      = {2006},
  doi       = {10/dc9zjs}
}


@article{cherbonnier_theorie_1999,
  title        = {Theorie D'Iwasawa des Representations p-Adiques D'un Corps Local},
  volume       = {12},
  doi          = {10/btnvx5},
  pages        = {241--268},
  number       = {1},
  journaltitle = {Journal of the American Mathematical Society},
  author       = {Cherbonnier, Frederic and Colmez, Pierre},
  year         = {1999}
}

@book{coates_cyclotomic_2006,
  location  = {Berlin Heidelberg New York},
  title     = {Cyclotomic fields and zeta values},
  series    = {Springer monographs in mathematics},
  pagetotal = {113},
  publisher = {Springer},
  author    = {Coates, John and Sujatha, R.},
  year      = {2006},
  doi       = {10/bdk2z7}
}

@unpublished{colmez_fonction_nodate,
  title        = {La fonction zêta $p$-adique},
  howpublished = {\url{https://webusers.imj-prg.fr/~pierre.colmez/Kubota-Leopodt.pdf}},
  author       = {Colmez, Pierre},
  addendum     = {Notes du cours de M2}
}

@unpublished{colmez_fontaines_nodate,
  title        = {Fontaine’s rings and $p$-adic L-functions},
  howpublished = {\url{https://webusers.imj-prg.fr/~pierre.colmez/tsinghua.pdf}},
  author       = {Colmez, Pierre},
  addendum     = {Notes of a course at Tsinghua University},
  year         = {2004}
}

@article{fontaine_corps_1979,
  title        = {Le ``corps des normes'' de certaines extensions algébriques de corps locaux.},
  volume       = {288},
  issn         = {0366-6034; 0302-8429},
  pages        = {367--370},
  journaltitle = {Comptes Rendus Hebdomadaires des Séances de l'Académie des Sciences, Série A},
  shortjournal = {C. R. Acad. Sci., Paris, Sér. A},
  author       = {Fontaine, Jean-Marc and Wintenberger, Jean-Pierre},
  year         = {1979}
}

@article{fontaine_extensions_1979,
  title        = {Extensions algébriques et corps des normes des extensions {APF} des corps locaux.},
  volume       = {288},
  issn         = {0366-6034; 0302-8429},
  pages        = {441--444},
  journaltitle = {Comptes Rendus Hebdomadaires des Séances de l'Académie des Sciences, Série A},
  shortjournal = {C. R. Acad. Sci., Paris, Sér. A},
  author       = {Fontaine, Jean-Marc and Wintenberger, Jean-Pierre},
  year         = {1979}
}

@incollection{Fontaine2007,
  location  = {Boston, {MA}},
  title     = {Représentations p-adiques des corps locaux (1ère partie)},
  pages     = {249--309},
  booktitle = {The Grothendieck Festschrift},
  publisher = {Birkhäuser Boston},
  author    = {Fontaine, Jean-Marc},
  year      = {1990},
  doi       = {10/cwrwsk},
  volume    = {II}
}

@article{herr_sur_1998,
  title        = {Sur la cohomologie galoisienne des corps $p$-adiques},
  volume       = {126},
  doi          = {10/kpmg},
  pages        = {563--600},
  number       = {4},
  journaltitle = {Bulletin de la Société Mathématique de France},
  shortjournal = {Bul. Soc. Math. France},
  author       = {Herr, Laurent},
  year         = {1998}
}

@book{matsumura_commutative_1987,
  edition   = {1},
  title     = {Commutative Ring Theory},
  publisher = {Cambridge University Press},
  author    = {Matsumura, H.},
  date      = {1987},
  doi       = {10/mbs7}
}

@article{perrin-riou_theorie_1994,
  title        = {Théorie d'Iwasawa des représentations $p$-adiques sur un corps local},
  volume       = {115},
  doi          = {10/b2jpwc},
  pages        = {81--149},
  number       = {1},
  journaltitle = {Inventiones Mathematicae},
  shortjournal = {Invent Math},
  author       = {Perrin-Riou, Bernadette},
  date         = {1994}
}

@article{scholze_perfectoid_2012,
  title        = {Perfectoid Spaces},
  volume       = {116},
  doi          = {10/ggz7xg},
  pages        = {245--313},
  number       = {1},
  journaltitle = {Publications mathématiques de l'{IHÉS}},
  shortjournal = {Publ.math.{IHES}},
  author       = {Scholze, Peter},
  year         = {2012}
}

@article{sen_ramification_1972,
  title        = {Ramification in $p$-adic Lie extensions},
  volume       = {17},
  doi          = {10/dbncc3},
  pages        = {44--50},
  number       = {1},
  journaltitle = {Inventiones mathematicae},
  author       = {Sen, Shankar},
  year         = {1972}
}

@article{wintenberger_corps_1983,
  title        = {Le corps des normes de certaines extensions infinies de corps locaux; applications},
  volume       = {16},
  doi          = {10/kpmp},
  pages        = {59--89},
  number       = {1},
  journaltitle = {Annales scientifiques de l'École normale supérieure},
  shortjournal = {Ann. Sci. École Norm. Sup.},
  author       = {Wintenberger, Jean-Pierre},
  year         = {1983}
}